<?xml version="1.0" encoding="UTF-8"?><collection xmlns="http://www.loc.gov/MARC21/slim"><record><leader>00613nam--2200205-u-4500</leader><controlfield tag="001">000050725</controlfield><controlfield tag="002">20161230</controlfield><controlfield tag="005">20161230201048</controlfield><controlfield tag="008">080326s1000------------r-----000-0-eng-d</controlfield><datafield ind1=" " ind2=" " tag="020"><subfield code="a">0-306-44544-1</subfield></datafield><datafield ind1=" " ind2=" " tag="040"><subfield code="a">IFIN-HH</subfield></datafield><datafield ind1=" " ind2=" " tag="080"><subfield code="a">519.72</subfield></datafield><datafield ind1="1" ind2=" " tag="100"><subfield code="a">Golomb,Solomon W., Peile,Robert E. and Scholtz,Robert A</subfield></datafield><datafield ind1="1" ind2="0" tag="245"><subfield code="a">Basic Concepts in Information Theory and Coding. The Adventures of Secret Agent 00111</subfield></datafield><datafield ind1=" " ind2=" " tag="260"><subfield code="a">New York</subfield><subfield code="b">Plenum Press</subfield><subfield code="c">1994</subfield></datafield><datafield ind1=" " ind2=" " tag="300"><subfield code="a">431 p</subfield></datafield><datafield ind1=" " ind2=" " tag="490"><subfield code="a">Applications of Communications Theory</subfield></datafield><datafield ind1=" " ind2="4" tag="650"><subfield code="a">Coding Theory</subfield></datafield><datafield ind1=" " ind2=" " tag="852"><subfield code="c">621.391</subfield></datafield><datafield ind1=" " ind2=" " tag="CAT"><subfield code="a">Sys</subfield><subfield code="c">20080326</subfield><subfield code="h">122808</subfield></datafield></record></collection>